<record><leader>00000cas a22000007a 4500</leader><controlfield tag="001">9978389</controlfield><controlfield tag="008">831004d18861889txudn ne      0   a0eng d</controlfield><controlfield tag="009">467</controlfield><datafield ind1=" " ind2=" " tag="010"><subfield code="a">sn 83004682 </subfield></datafield><datafield ind1=" " ind2=" " tag="040"><subfield code="a">NSD</subfield><subfield code="b">eng</subfield><subfield code="c">NSD</subfield><subfield code="d">DLC</subfield><subfield code="d">NPT</subfield><subfield code="d">PPM</subfield><subfield code="d">KNP</subfield><subfield code="d">CRL</subfield><subfield code="d">OCLCQ</subfield><subfield code="d">CRL</subfield><subfield code="d">OCLCQ</subfield><subfield code="d">OCLCF</subfield></datafield><datafield ind1=" " ind2=" " tag="012"><subfield code="m">1</subfield></datafield><datafield ind1="1" ind2=" " tag="022"><subfield code="a">0746-3588</subfield><subfield code="l">0746-3588</subfield><subfield code="2">1</subfield></datafield><datafield ind1="1" ind2=" " tag="029"><subfield code="a">AU@</subfield><subfield code="b">000020285847</subfield></datafield><datafield ind1=" " ind2=" " tag="032"><subfield code="a">170560</subfield><subfield code="b">USPS</subfield></datafield><datafield ind1=" " ind2=" " tag="042"><subfield code="a">nsdp</subfield><subfield code="a">msc</subfield></datafield><datafield ind1=" " ind2=" " tag="043"><subfield code="a">n-us-tx</subfield></datafield><datafield ind1="0" ind2="0" tag="050"><subfield code="a">Newspaper</subfield></datafield><datafield ind1="0" ind2=" " tag="130"><subfield code="a">El Paso times (El Paso, Tex. : 1886)</subfield></datafield><datafield ind1=" " ind2="4" tag="222"><subfield code="a">The El Paso times</subfield></datafield><datafield ind1="0" ind2="4" tag="245"><subfield code="a">The El Paso times.</subfield></datafield><datafield ind1="1" ind2=" " tag="246"><subfield code="i">Title in publisher's box:</subfield><subfield code="a">Daily times</subfield></datafield><datafield ind1=" " ind2=" " tag="260"><subfield code="a">El Paso, Tex. :</subfield><subfield code="b">Juan S. Hart and John E. Lord,</subfield><subfield code="c">[1886-1889]</subfield></datafield><datafield ind1=" " ind2=" " tag="300"><subfield code="a">4 v. :</subfield><subfield code="b">ill. ;</subfield><subfield code="c">50 cm.</subfield></datafield><datafield ind1=" " ind2=" " tag="310"><subfield code="a">Daily (except Mon.)</subfield></datafield><datafield ind1="0" ind2=" " tag="362"><subfield code="a">6th year, no. 128 (May 30, 1886)-9th year, no. 275 (Nov. 30, 1889).</subfield></datafield><datafield ind1=" " ind2=" " tag="500"><subfield code="a">Later issues published by Times Pub. Co.</subfield></datafield><datafield ind1=" " ind2=" " tag="515"><subfield code="a">Published twice on Weds.</subfield></datafield><datafield ind1=" " ind2=" " tag="530"><subfield code="a">Also available on microfilm from Microfilm Center, Inc. and Southwest Microfilm.</subfield></datafield><datafield ind1=" " ind2="0" tag="651"><subfield code="a">El Paso (Tex.)</subfield><subfield code="v">Newspapers.</subfield></datafield><datafield ind1=" " ind2="7" tag="655"><subfield code="a">Newspapers.</subfield><subfield code="2">fast</subfield><subfield code="0">(OCoLC)fst01423814</subfield></datafield><datafield ind1=" " ind2="7" tag="651"><subfield code="a">Texas</subfield><subfield code="z">El Paso.</subfield><subfield code="2">fast</subfield><subfield code="0">(OCoLC)fst01206678</subfield></datafield><datafield ind1=" " ind2=" " tag="752"><subfield code="a">United States</subfield><subfield code="b">Texas</subfield><subfield code="c">El Paso</subfield><subfield code="d">El Paso.</subfield></datafield><datafield ind1="0" ind2="0" tag="780"><subfield code="t">El Paso daily times (El Paso, Tex. : 1883)</subfield><subfield code="w">(DLC)sn 86064202</subfield><subfield code="w">(OCoLC)13684440</subfield></datafield><datafield ind1="0" ind2="0" tag="785"><subfield code="t">El Paso international daily times</subfield><subfield code="w">(DLC)sn 87090171</subfield><subfield code="w">(OCoLC)15580510</subfield></datafield></record>